<record><leader>00000cas a2200000 i 4500</leader><controlfield tag="001">828627273</controlfield><controlfield tag="006">m     o  d        </controlfield><controlfield tag="007">cr |||||||||||</controlfield><controlfield tag="008">130227d19031911mouwr ne      0   a0eng  </controlfield><datafield ind1=" " ind2=" " tag="010"><subfield code="a">  2013218594</subfield></datafield><datafield ind1=" " ind2=" " tag="040"><subfield code="a">DLC</subfield><subfield code="b">eng</subfield><subfield code="e">rda</subfield><subfield code="c">DLC</subfield><subfield code="d">DLC</subfield><subfield code="d">OCLCQ</subfield><subfield code="d">DLC</subfield><subfield code="d">OCLCQ</subfield><subfield code="d">DLC</subfield><subfield code="d">OCLCF</subfield></datafield><datafield ind1="0" ind2=" " tag="022"><subfield code="a">2326-943X</subfield><subfield code="2">1</subfield></datafield><datafield ind1=" " ind2=" " tag="042"><subfield code="a">pcc</subfield><subfield code="a">nsdp</subfield></datafield><datafield ind1=" " ind2=" " tag="043"><subfield code="a">n-us-mo</subfield></datafield><datafield ind1="1" ind2="0" tag="050"><subfield code="a">ISSN RECORD</subfield></datafield><datafield ind1="0" ind2="0" tag="082"><subfield code="a">071</subfield><subfield code="2">23</subfield></datafield><datafield ind1="0" ind2=" " tag="130"><subfield code="a">Rich Hill tribune (Rich Hill, Mo. : 1903 : Online)</subfield></datafield><datafield ind1=" " ind2="4" tag="222"><subfield code="a">The Rich Hill tribune</subfield><subfield code="b">(Rich Hill, Mo. 1903. Online)</subfield></datafield><datafield ind1="1" ind2="4" tag="245"><subfield code="a">The Rich Hill tribune.</subfield></datafield><datafield ind1=" " ind2="1" tag="264"><subfield code="a">Rich Hill, Missouri :</subfield><subfield code="b">L.W. Mathews,</subfield><subfield code="c">1903-</subfield></datafield><datafield ind1=" " ind2=" " tag="310"><subfield code="a">Weekly</subfield></datafield><datafield ind1=" " ind2=" " tag="336"><subfield code="a">text</subfield><subfield code="b">txt</subfield><subfield code="2">rdacontent</subfield></datafield><datafield ind1=" " ind2=" " tag="337"><subfield code="a">computer</subfield><subfield code="b">c</subfield><subfield code="2">rdamedia</subfield></datafield><datafield ind1=" " ind2=" " tag="338"><subfield code="a">online resource</subfield><subfield code="b">cr</subfield><subfield code="2">rdacarrier</subfield></datafield><datafield ind1="1" ind2=" " tag="362"><subfield code="a">Began with volume 13, no. 17 (Jan. 1, 1903). Ceased in 1911?</subfield></datafield><datafield ind1=" " ind2=" " tag="530"><subfield code="a">Also issued in print.</subfield></datafield><datafield ind1=" " ind2=" " tag="588"><subfield code="a">Description based on print version record.</subfield></datafield><datafield ind1=" " ind2=" " tag="588"><subfield code="a">Latest issue consulted: Volume 21, number 16 (December 29, 1910) (Chroniclingamerica.loc.gov, viewed Feb. 27, 2013).</subfield></datafield><datafield ind1=" " ind2="0" tag="651"><subfield code="a">Rich Hill (Mo.)</subfield><subfield code="v">Newspapers.</subfield></datafield><datafield ind1=" " ind2="0" tag="651"><subfield code="a">Bates County (Mo.)</subfield><subfield code="v">Newspapers.</subfield></datafield><datafield ind1=" " ind2="7" tag="655"><subfield code="a">Newspapers.</subfield><subfield code="2">fast</subfield><subfield code="0">(OCoLC)fst01423814</subfield></datafield><datafield ind1=" " ind2="7" tag="651"><subfield code="a">Missouri</subfield><subfield code="z">Bates County.</subfield><subfield code="2">fast</subfield><subfield code="0">(OCoLC)fst01213325</subfield></datafield><datafield ind1=" " ind2="7" tag="651"><subfield code="a">Missouri</subfield><subfield code="z">Rich Hill.</subfield><subfield code="2">fast</subfield><subfield code="0">(OCoLC)fst01880443</subfield></datafield><datafield ind1=" " ind2=" " tag="752"><subfield code="a">United States</subfield><subfield code="b">Missouri</subfield><subfield code="c">Bates</subfield><subfield code="d">Rich Hill.</subfield></datafield><datafield ind1="1" ind2=" " tag="776"><subfield code="t">Rich Hill tribune (Rich Hill, Mo. : 1903)</subfield><subfield code="x">2326-9421</subfield><subfield code="w">(DLC)sn 90061663</subfield><subfield code="w">(OCoLC)21417726</subfield></datafield><datafield ind1="0" ind2="0" tag="780"><subfield code="t">Tribune (Rich Hill, Mo. : Online)</subfield><subfield code="x">2326-9405</subfield><subfield code="w">(DLC)  2013218593</subfield><subfield code="w">(OCoLC)828627677</subfield></datafield><datafield ind1="4" ind2="1" tag="856"><subfield code="u">http://www.loc.gov/chroniclingamerica/lccn/sn90061663/issues</subfield></datafield></record>